% Encoding: UTF-8

@Electronic{opgwiki,
  month        = jun,
  organization = {Wikipedia},
  title        = {Operator-precedence grammar},
  url          = {https://en.wikipedia.org/wiki/Operator-precedence_grammar},
  year         = {2021},
}

@Article{Floyd1963,
  author    = {Robert W. Floyd},
  journal   = {Journal of the {ACM}},
  title     = {Syntactic Analysis and Operator Precedence},
  year      = {1963},
  month     = jul,
  number    = {3},
  pages     = {316--333},
  volume    = {10},
  doi       = {10.1145/321172.321179},
  publisher = {Association for Computing Machinery ({ACM})},
}

@Book{SteveKlabnik2019,
  author    = {Steve Klabnik, Carol Nichols},
  publisher = {Random House LCC US},
  title     = {The Rust Programming Language (Covers Rust 2018)},
  year      = {2019},
  isbn      = {1718500440},
  date      = {2019-08-12},
  ean       = {9781718500440},
  url       = {https://www.ebook.de/de/product/37149179/steve_klabnik_carol_nichols_the_rust_programming_language_covers_rust_2018.html},
}

@Comment{jabref-meta: databaseType:bibtex;}
