% Encoding: UTF-8

@Article{Li2021,
  author    = {Mingzhen Li and Yi Liu and Xiaoyan Liu and Qingxiao Sun and Xin You and Hailong Yang and Zhongzhi Luan and Lin Gan and Guangwen Yang and Depei Qian},
  journal   = {{IEEE} Transactions on Parallel and Distributed Systems},
  title     = {The Deep Learning Compiler: A Comprehensive Survey},
  year      = {2021},
  month     = {mar},
  number    = {3},
  pages     = {708--727},
  volume    = {32},
  doi       = {10.1109/tpds.2020.3030548},
  publisher = {Institute of Electrical and Electronics Engineers ({IEEE})},
}

@Comment{jabref-meta: databaseType:bibtex;}
